@article{coscia2023innovative,
  title={An innovative two-stage algorithm to optimize Firewall rule ordering},
  author={Coscia, Antonio and Dentamaro, Vincenzo and Galantucci, Stefano and Maci, Antonio and Pirlo, Giuseppe},
  journal={Computers \& Security},
  volume={134},
  pages={103423},
  year={2023},
  publisher={Elsevier}
}

@misc{internet_firewall_data_542,
  title        = {{Internet Firewall Data}},
  year         = {2019},
  howpublished = {UCI Machine Learning Repository},
  note         = {{DOI}: https://doi.org/10.24432/C5131M}
}
